<record><leader>00000cas a22000007a 4500</leader><controlfield tag="001">14574908</controlfield><controlfield tag="008">861030d19061918iauwr ne      0    0eng d</controlfield><datafield ind1=" " ind2=" " tag="010"><subfield code="a">sn 86061160 </subfield></datafield><datafield ind1=" " ind2=" " tag="040"><subfield code="a">INP</subfield><subfield code="b">eng</subfield><subfield code="c">INP</subfield><subfield code="d">OCLCQ</subfield></datafield><datafield ind1=" " ind2=" " tag="042"><subfield code="a">msc</subfield></datafield><datafield ind1="0" ind2=" " tag="130"><subfield code="a">Weekly times-journal (Dubuque, Iowa)</subfield></datafield><datafield ind1="1" ind2="0" tag="245"><subfield code="a">Weekly times-journal.</subfield></datafield><datafield ind1="1" ind2="7" tag="246"><subfield code="a">Dubuque weekly times</subfield><subfield code="f">&lt;Oct. 3, 1906&gt;</subfield></datafield><datafield ind1=" " ind2=" " tag="260"><subfield code="a">Dubuque, Iowa :</subfield><subfield code="b">[s.n.]</subfield></datafield><datafield ind1=" " ind2=" " tag="300"><subfield code="a">v. :</subfield><subfield code="b">ill. ;</subfield><subfield code="c">55 cm.</subfield></datafield><datafield ind1=" " ind2=" " tag="310"><subfield code="a">Weekly</subfield></datafield><datafield ind1="1" ind2=" " tag="362"><subfield code="a">Began between Sept. 20 and Oct. 3, 1906.</subfield></datafield><datafield ind1="1" ind2=" " tag="362"><subfield code="a">Ceased in 1918.</subfield><subfield code="z">Cf. Bibl. of Iowa newspapers.</subfield></datafield><datafield ind1=" " ind2=" " tag="588"><subfield code="a">Description based on: Vol. 51, no. 1 (Oct. 3, 1906).</subfield></datafield><datafield ind1=" " ind2=" " tag="752"><subfield code="a">United States</subfield><subfield code="b">Iowa</subfield><subfield code="c">Dubuque</subfield><subfield code="d">Dubuque.</subfield></datafield><datafield ind1="0" ind2=" " tag="775"><subfield code="t">Dubuque times-journal</subfield><subfield code="w">(DLC)sn 82016155</subfield></datafield><datafield ind1="0" ind2="4" tag="780"><subfield code="t">Dubuque daily globe-journal (Dubuque, Iowa : 1903)</subfield><subfield code="w">(DLC)sn 82016154</subfield></datafield><datafield ind1="0" ind2="4" tag="780"><subfield code="t">Dubuque weekly times (Dubuque, Iowa : 1894)</subfield><subfield code="w">(DLC)sn 86061159</subfield></datafield></record>